%% This BibTeX bibliography file was created using BibDesk.
%% https://bibdesk.sourceforge.io/

%% Created for Patrice at 2023-07-09 21:34:12 +0300 


%% Saved with string encoding Unicode (UTF-8) 



@webpage{wikifondalgebra,
	date-added = {2023-07-09 21:32:46 +0300},
	date-modified = {2023-07-09 21:34:07 +0300},
	keywords = {wikipedia,algebra,fondamental-theorem},
	lastchecked = {09},
	month = {07},
	url = {https://en.wikipedia.org/wiki/Fundamental_theorem_of_algebra},
	year = {2023}}

@webpage{wikiviete,
	date-added = {2023-07-09 00:26:57 +0300},
	date-modified = {2023-07-09 00:27:25 +0300},
	keywords = {wikipedia,viete},
	lastchecked = {09},
	month = {07},
	url = {https://en.wikipedia.org/wiki/Vieta%27s_formulas},
	year = {2023},
	bdsk-url-1 = {https://en.wikipedia.org/wiki/Vieta%27s_formulas}}

@webpage{wikimuirh,
	date-added = {2023-07-07 17:44:01 +0300},
	date-modified = {2023-07-07 18:07:48 +0300},
	keywords = {wikipedia,muirhead},
	lastchecked = {07},
	month = {07},
	url = {https://fr.wikipedia.org/wiki/Inégalité_de_Muirhead},
	year = {2023},
	bdsk-url-1 = {https://fr.wikipedia.org/wiki/In%C3%A9galit%C3%A9_de_Muirhead}}

@webpage{wikicheby,
	date-added = {2023-06-26 13:07:19 +0300},
	date-modified = {2023-06-26 13:09:27 +0300},
	keywords = {wikipedia,chebyshev},
	lastchecked = {23},
	month = {06},
	rating = {5},
	read = {1},
	url = {https://en.wikipedia.org/wiki/Chebyshev_polynomials},
	year = {2023},
	bdsk-url-1 = {https://en.wikipedia.org/wiki/Chebyshev_polynomials}}
